<record><leader>00000cas a2200000 a 4500</leader><controlfield tag="001">12727614</controlfield><controlfield tag="008">851028d18861887ksuwr ne      0    0eng d</controlfield><datafield ind1=" " ind2=" " tag="010"><subfield code="a">sn 85066734 </subfield></datafield><datafield ind1=" " ind2=" " tag="040"><subfield code="a">KSH</subfield><subfield code="b">eng</subfield><subfield code="c">KSH</subfield><subfield code="d">NPT</subfield><subfield code="d">OCL</subfield><subfield code="d">OCLCQ</subfield></datafield><datafield ind1=" " ind2=" " tag="042"><subfield code="a">msc</subfield></datafield><datafield ind1="0" ind2="4" tag="245"><subfield code="a">The Coronado star.</subfield></datafield><datafield ind1=" " ind2=" " tag="260"><subfield code="a">Coronado, Kan. :</subfield><subfield code="b">Star Print. Co.</subfield></datafield><datafield ind1=" " ind2=" " tag="300"><subfield code="a">v. :</subfield><subfield code="b">ill. ;</subfield><subfield code="c">54 cm.</subfield></datafield><datafield ind1=" " ind2=" " tag="310"><subfield code="a">Weekly</subfield></datafield><datafield ind1="1" ind2=" " tag="362"><subfield code="a">Began in 1886.</subfield><subfield code="z">Cf. Rowell, 1887.</subfield></datafield><datafield ind1="1" ind2=" " tag="362"><subfield code="a">Ceased with Dec. 8, 1887 issue?</subfield></datafield><datafield ind1=" " ind2=" " tag="500"><subfield code="a">Published by: A.B. Sykes, Sept. 16, 1886-&lt;Oct. 27&gt;, 1887; W.R. Gibbs, &lt;Nov. 24&gt;, 1887-</subfield></datafield><datafield ind1=" " ind2=" " tag="550"><subfield code="a">"Official democratic organ," Sept. 16, 1886-&lt;Oct. 27&gt;, 1887.</subfield></datafield><datafield ind1=" " ind2=" " tag="588"><subfield code="a">Description based on: Vol. 1, no. 33 (Aug. 12, 1886).</subfield></datafield><datafield ind1=" " ind2=" " tag="752"><subfield code="a">United States</subfield><subfield code="b">Kansas</subfield><subfield code="c">Wichita</subfield><subfield code="d">Coronado.</subfield></datafield><datafield ind1="0" ind2="0" tag="785"><subfield code="t">Wichita County farmer</subfield><subfield code="w">(DLC)sn 85066723</subfield></datafield><datafield ind1="1" ind2=" " tag="029"><subfield code="a">AU@</subfield><subfield code="b">000022170212</subfield></datafield></record>